

%trick for sorting with van and von
@preamble{"\newcommand{\SortNoop}[1]{}"}

